@Book{carr2014cage,
  Author = {Carr, Nicholas},
  Title = {The glass cage. Automation and Us},
  Publisher = {W.W. Norton \& Company},
  Year = {2014},
  Address = {New York},
  Isbn = {0393240762}
}

@Book{schmidgen2011bruno,
  Author = {Schmidgen, Henning},
  Title = {Bruno Latour zur Einführung},
  Publisher = {Junius-Verlag},
  Year = {2011},
  Address = {Hamburg},
  isbn = {3885066807}
}

@Book{dotzler2008parasiten,
  Author = {Dotzler, Bernhard},
  Title = {Parasiten und Sirenen. Zwischenräume als Orte der materiellen Wissensproduktion},
  Publisher = {transcript},
  Year = {2008},
  Address = {Bielefeld},
  isbn = {3899428706}
}

@Book{dotzler1995wahrnehmung,
  Author = {Dotzler, Bernhard},
  Title = {Wahrnehmung und Geschichte. Markierungen zur Aisthesis materialis},
  Publisher = {Akademie Verlag},
  Year = {1995},
  Address = {Berlin},
  isbn = {3050027096}
}


@article{palmatier1974,
  Author = {Palmatier, Robert A. and Bennett, John Michael},
  Title = {Notetaking Habits of College Students},
  Journal = {Journal of Reading},
  Year = {1974},
  Volume = {18},
  Number = {3},
  Pages = {215-218}
}

@article{lonka1994,
  Author = {Lonka, Kirsti and Lindblom-YlÄnne, Sari and Maury, Sini},
  Title = {The Effect of Study Strategy on Learning From Text},
  Journal = {Learning and Instruction},
  Year = {1994},
  Volume = {4},
  Number = {3},
  Pages = {253-271}
}

@article{fowler1974,
  Author = {Fowler, Robert L. and Barker, Anne S.},
  Title = {Effectiveness of highlighting for retention of text material},
  Journal = {Journal of Applied Psychology},
  Year = {1974},
  Volume = {59},
  Number = {3},
  Pages = {358-364}
}

@article{meter1994,
  Author = {{van Meter}, Peggy and Yokoi, Linda and Pressley, Michael},
  Title = {College Students' Theory of Note-taking Derived From Their Perceptions of Note-taking},
  Journal = {Journal of Educational Psychology},
  Year = {1994},
  Volume = {86},
  Number = {3},
  Pages = {323-338}
}

@inproceedings{marshall1997,
  Author = {Marshall, Catherine C.},
  Title = {Annotation: From Paper Books to the Digital Library},
  Booktitle = {Proceedings of the Second ACM International Conference on Digital Libraries},
  Series = {DL '97},
  Year = {1997},
  Pages = {131-140},
  Publisher = {ACM},
  Address = {New York},
} 

@article{ovs1999,
  Author = {Ovsiannikov, Ilia A. and Arbib, Michael A. and McNeill, Thomas H.},
  Title = {Annotation Technology},
  Journal = {International Journal of Human-Computer Studies},
  Volume = {50},
  Number = {4},
  Year = {1999},
  Pages = {329-362},
  Publisher = {Academic Press, Inc.},
  Address = {Duluth, MN, USA}
}

@MastersThesis{belanger2010,
  Author = {Bélanger, Marie-Eve},
  Title = {The Annotative Practices of Graduate Students: Tensions \& Negotiations Fostering an Epistemic Practice},
  School = {Faculty of Information},
  Address = {University of Toronto},
  Year = {2010}
}

@Book{ottmann2013,
  Author = {Ottmann, Solveig},
  Title = {Im Anfang war das Experiment. Das Weimarer Radio bei Hans Flesch und Ernst Schoen},
  Publisher = {Kadmos},
  Year = {2013},
  Address = {Berlin}
}
 
@Book{reimann2012,
  Author = {Katja Kessel and Sandra Reimann},
  Title = {Basiswissen Deutsche Gegenwartssprache},
  Publisher = {A. Francke},
  Year = {2012},
  Address = {Tübingen, Basel},
  Edition = {4. Auflage}
}

@electronic{oreilly2005,
  Author = {O'Reilly, Tim},
  Title = {What is Web 2.0: Design Patterns and Business Models for the Next Generation of Software.},
  Url = {http://www.oreillynet.com/pub/a/oreilly/tim/news/2005/09/30/what-is-web-20.html},
  Year = {2005},
  Urldate = {2014-08-30}
}

@Book{klein1991,
  Author = {Karl Klein},
  Title = {Dinge und Sachen: Fluch oder Segen},
  Publisher = {Der-Verlag},
  Year = {1991},
  Address = {Der-Ort},
  Edition = {4}
}

@Book{linke1994,
  Author = {Linke, Angelika and Nussbaumer, Markus and Portmann, Paul R.},
  Title = {Studienbuch Linguistik},
  Series = {Reihe Germanistische Linguistik},
  Number = {121},
  Publisher = {M. Niemeyer},
  Year = {1994},
  Address = {Tübingen},
  Edition = {2}
}

@Book{warnke2008,
  Editor = {Warnke, Ingo and Spitzmüller, Jürgen},
  Title = {Methoden der Diskurslinguistik sprachwissenschaftliche Zugänge zur transtextuellen Ebene},
  Series = {Linguistik -- Impulse und Tendenzen},
  Number = {31},
  Publisher = {De Gruyter},
  Year = {2008},
  Address = {Berlin, New York}
}

@InCollection{warnke2008blubb,
  Editor = {Warnke, Ingo and Spitzmüller, Jürgen},
  Author = {Warnke, Ingo and Spitzmüller, Jürgen},
  Title = {Methoden und Methodologie der Diskurslinguistik -- Grundlagen und Verfahren einer Sprachwissenschaft jenseits textueller Grenzen},
  Booktitle = {Methoden der Diskurslinguistik sprachwissenschaftliche Zugänge zur transtextuellen Ebene},
  Series = {Linguistik -- Impulse und Tendenzen},
  Number = {31},
  Publisher = {De Gruyter},
  Year = {2008},
  Pages = {3-54},
  Address = {Berlin, New York}
}

@online{wiki:mewi,
   Author = {Wikipedia},
   Title = {Medienwissenschaft -- Wikipedia{,} Die freie Enzyklopädie},
   Year = {2014},
   Date = {2014-01-30},
   Url = {http://de.wikipedia.org/w/index.php?title=Medienwissenschaft&oldid=130311321},
   Urldate = {2014-09-30},
}

@electronic{wiki:plagiat,
   Author = {Wikipedia},
   Title = {Plagiat -- Wikipedia{,} Die freie Enzyklopädie},
   Year = {2014},
   Date = {2014-07-09},
   Url = {http://de.wikipedia.org/w/index.php?title=Plagiat&oldid=132003567},
   Urldate = {2014-09-10},
}

@Movie{face,
	Address = {UK},
	Author = {Cukor, George},
	Pagetotal = {106},
	Shorttitle = {A Woman's Face},
	Title = {A Woman's Face (Die Frau mit der Narbe)},
	Howpublished = {Warner Home Video [Video/1993]},
	Year = {1941},
  Keywords = {film},
  Type = {movie}
}

@Movie{skyfall,
	Address = {UK/USA},
	Author = {Mendes, Sam},
	Pagetotal = {143},
	Shorttitle = {Skyfall},
	Title = {Skyfall (James Bond 007 -- Skyfall)},
	Howpublished = {Twentieth Century Fox Home Entertainment Germany [Blu-Ray DVD/2013]},
	Year = {2012},
  Keywords = {film},
  Type = {movie}
}

@Movie{kubrick,
	Address = {UK/USA},
	Author = {Kubrick, Stanley},
	Pagetotal = {141},
	Shorttitle = {2001: A Space Odyssey},
	Title = {2001: A Space Odyssey (2001: Odyssee im Weltraum)},
	Howpublished = {Warner Home Video [DVD/2007]},
	Year = {1968},
  Type = {movie},
  Keywords = {film},
}

@Movie{kubrick:2,
	Address = {GER},
	Author = {Kubrick, Stanley},
	Pagetotal = {160},
	Shorttitle = {2001: A Space Odyssey -- remastered},
	Title = {2001: A Space Odyssey -- remastered (2001: Odyssee im Weltraum -- remastered)},
	Howpublished = {Columbia Entertainment [Blu-Ray DVD/2013]},
	Year = {2013},
  Type = {movie},
  Keywords = {film},
  Origdate = {1968},
}

@book{doppelherz,
  Author = {{Doppelherz}},
  Year = {2007},
  Howpublished = {ARD: Radio-Kreativ-Wettbewerb 2007 [Werbung: Broschüre \& CD-Rom]},
  Title = {Sitznachbar}
}

@book{berge1,
  Author = {{Gesellschaft zur Förderung der Photographie}},
  Year = {1952},
  Title = {Oh, die herrlichen Berge},
  Howpublished = {Regensburger Archiv für Werbeforschung. PROPHOTO vom 12.7.1952. HWA\_1\_863.mp3. R-Nummer: 616 [Werbung]},
  Url = {http://raw.uni-regensburg.de/details.php?r=616},
  Urldate = {2013-09-18}
}

@Movie{hiddleston,
  Author = {Cook, Shelby [XxSourGummyBearzxX]},
  Title = {Tom Hiddleston Funny Moments},
  Year = {2013},
  Date = {2013-12-16},
  Howpublished = {[Video]},
  url = {https://www.youtube.com/watch?v=kXViNegXPTk},
  urldate = {2014-09-13},
  Type = {movie},
  Keywords = {film},
}
